<record><leader>00000cas a22000007a 4500</leader><controlfield tag="001">24096868</controlfield><controlfield tag="008">910718d19881988coucr ne      0    0eng d</controlfield><datafield ind1=" " ind2=" " tag="010"><subfield code="a">sn 91052596 </subfield></datafield><datafield ind1=" " ind2=" " tag="040"><subfield code="a">CNQ</subfield><subfield code="b">eng</subfield><subfield code="c">CNQ</subfield><subfield code="d">OCLCQ</subfield></datafield><datafield ind1=" " ind2=" " tag="042"><subfield code="a">msc</subfield></datafield><datafield ind1="0" ind2="4" tag="245"><subfield code="a">The Quandary times of Breckenridge.</subfield></datafield><datafield ind1=" " ind2=" " tag="260"><subfield code="a">[Breckenridge, Colo.] :</subfield><subfield code="b">H. &amp; H. Pub.</subfield></datafield><datafield ind1=" " ind2=" " tag="300"><subfield code="a">v.</subfield></datafield><datafield ind1=" " ind2=" " tag="310"><subfield code="a">Semiweekly,</subfield><subfield code="b">Mar. 1, 1988-Aug. 16, 1988</subfield></datafield><datafield ind1=" " ind2=" " tag="321"><subfield code="a">Weekly,</subfield><subfield code="b">Feb. 22-Feb. 26, 1988</subfield></datafield><datafield ind1="0" ind2=" " tag="362"><subfield code="a">Vol. 1, no. 1 (Feb. 22, 1988)-v. 1, no. 52 (Aug. 16, 1988).</subfield></datafield><datafield ind1=" " ind2=" " tag="530"><subfield code="a">Available on microfilm from the Colorado Historical Society.</subfield></datafield><datafield ind1=" " ind2=" " tag="752"><subfield code="a">United States</subfield><subfield code="b">Colorado</subfield><subfield code="c">Summit</subfield><subfield code="d">Breckenridge.</subfield></datafield><datafield ind1="0" ind2="0" tag="785"><subfield code="t">Quandary times</subfield><subfield code="w">(DLC)sn 91052597</subfield></datafield></record>